@article{Webber:1999ui,
    author = "Webber, B. R.",
    editor = "Jaros, J. and Peskin, Michael E.",
    title = "{Fragmentation and hadronization}",
    eprint = "hep-ph/9912292",
    archivePrefix = "arXiv",
    reportNumber = "CERN-TH-99-387, CAVENDISH-HEP-99-16",
    doi = "10.1142/S0217751X00005334",
    journal = "eConf",
    volume = "C990809",
    pages = "577--606",
    year = "2000"
}

@article{Dokshitzer:1991fd,
    author = "Dokshitzer, Yuri L. and Khoze, Valery A. and Troian, S. I.",
    title = "{On specific QCD properties of heavy quark fragmentation ('dead cone')}",
    doi = "10.1088/0954-3899/17/10/023",
    journal = "J. Phys. G",
    volume = "17",
    pages = "1602--1604",
    year = "1991"
}

@article{Bazavov:2009zn,
    author = "Bazavov, A. and others",
    title = "{Equation of state and QCD transition at finite temperature}",
    eprint = "0903.4379",
    archivePrefix = "arXiv",
    primaryClass = "hep-lat",
    reportNumber = "CU-TP-1189",
    doi = "10.1103/PhysRevD.80.014504",
    journal = "Phys. Rev. D",
    volume = "80",
    pages = "014504",
    year = "2009"
}

@article{Sirunyan:2018jqr,
    author = "Sirunyan, Albert M and others",
    collaboration = "CMS",
    title = "{Jet properties in PbPb and pp collisions at $ \sqrt{s_{\mathrm{N}\;\mathrm{N}}}=5.02 $ TeV}",
    eprint = "1803.00042",
    archivePrefix = "arXiv",
    primaryClass = "nucl-ex",
    reportNumber = "CMS-HIN-16-020, CERN-EP-2018-011",
    doi = "10.1007/JHEP05(2018)006",
    journal = "JHEP",
    volume = "05",
    pages = "006",
    year = "2018"
}
@article{Sirunyan:2017bsd,
    author = "Sirunyan, Albert M and others",
    collaboration = "CMS",
    title = "{Measurement of the Splitting Function in $pp$ and Pb-Pb Collisions at $\sqrt{s_{_{\mathrm{NN}}}} =$ 5.02 TeV}",
    eprint = "1708.09429",
    archivePrefix = "arXiv",
    primaryClass = "nucl-ex",
    reportNumber = "CMS-HIN-16-006, CERN-EP-2017-205",
    doi = "10.1103/PhysRevLett.120.142302",
    journal = "Phys. Rev. Lett.",
    volume = "120",
    number = "14",
    pages = "142302",
    year = "2018"
}

@article{Hands:2001ve,
    author = "Hands, Simon",
    title = "{The Phase diagram of QCD}",
    eprint = "physics/0105022",
    archivePrefix = "arXiv",
    reportNumber = "SWAT-01-287",
    doi = "10.1080/00107510110063843",
    journal = "Contemp. Phys.",
    volume = "42",
    pages = "209--225",
    year = "2001"
}

@article{Kajantie:1997pd,
    author = "Kajantie, K. and Laine, M. and Peisa, J. and Rajantie, A. and Rummukainen, K. and Shaposhnikov, Mikhail E.",
    title = "{Nonperturbative Debye mass in finite temperature QCD}",
    eprint = "hep-ph/9708207",
    archivePrefix = "arXiv",
    reportNumber = "BI-TP-97-28, CERN-TH-97-191",
    doi = "10.1103/PhysRevLett.79.3130",
    journal = "Phys. Rev. Lett.",
    volume = "79",
    pages = "3130--3133",
    year = "1997"
}

@article{Heinz:2000bk,
    author = "Heinz, Ulrich W. and Jacob, Maurice",
    title = "{Evidence for a new state of matter: An Assessment of the results from the CERN lead beam program}",
    eprint = "nucl-th/0002042",
    archivePrefix = "arXiv",
    month = "1",
    year = "2000"
}

@article{Adams_2006,
   title={Direct Observation of Dijets in CentralAu+AuCollisions atsNN=200  GeV},
   volume={97},
   ISSN={1079-7114},
   url={http://dx.doi.org/10.1103/PhysRevLett.97.162301},
   DOI={10.1103/physrevlett.97.162301},
   number={16},
   journal={Physical Review Letters},
   publisher={American Physical Society (APS)},
   author={Adams, J. and Aggarwal, M. M. and Ahammed, Z. and Amonett, J. and Anderson, B. D. and Anderson, M. and Arkhipkin, D. and Averichev, G. S. and Bai, Y. and Balewski, J. and et al.},
   year={2006},
   month={Oct}
}

@article{Bjorken:1982tu,
    author = "Bjorken, J. D.",
    title = "{Energy Loss of Energetic Partons in Quark - Gluon Plasma: Possible Extinction of High p(t) Jets in Hadron - Hadron Collisions}",
    reportNumber = "FERMILAB-PUB-82-059-THY, FERMILAB-PUB-82-059-T",
    month = "8",
    year = "1982"
}

@article{Adare:2007vu,
    author = "Adare, A. and others",
    collaboration = "PHENIX",
    title = "{Transverse momentum and centrality dependence of dihadron correlations in Au+Au collisions at s(NN) = 200-GeV: Jet-quenching and the response of partonic matter}",
    eprint = "0705.3238",
    archivePrefix = "arXiv",
    primaryClass = "nucl-ex",
    doi = "10.1103/PhysRevC.77.011901",
    journal = "Phys. Rev. C",
    volume = "77",
    pages = "011901",
    year = "2008"
}

@article{Ackermann:2000tr,
    author = "Ackermann, K. H. and others",
    collaboration = "STAR",
    title = "{Elliptic flow in Au + Au collisions at (S(NN))**(1/2) = 130 GeV}",
    eprint = "nucl-ex/0009011",
    archivePrefix = "arXiv",
    doi = "10.1103/PhysRevLett.86.402",
    journal = "Phys. Rev. Lett.",
    volume = "86",
    pages = "402--407",
    year = "2001"
}

@article{Sirunyan:2020ycu,
    author = "Sirunyan, Albert M and others",
    collaboration = "CMS",
    title = "{The production of isolated photons in PbPb and pp collisions at $\sqrt{s_\mathrm{NN}} =$ 5.02 TeV}",
    eprint = "2003.12797",
    archivePrefix = "arXiv",
    primaryClass = "hep-ex",
    reportNumber = "CMS-HIN-18-016, CERN-EP-2020-032",
    doi = "10.1007/JHEP07(2020)116",
    journal = "JHEP",
    volume = "07",
    pages = "116",
    year = "2020"
}

@article{Aad:2019lan,
    author = "Aad, Georges and others",
    collaboration = "ATLAS",
    title = "{$Z$ boson production in Pb+Pb collisions at $\sqrt{s_{\textrm{NN}}}$= 5.02 TeV measured by the ATLAS experiment}",
    eprint = "1910.13396",
    archivePrefix = "arXiv",
    primaryClass = "nucl-ex",
    reportNumber = "CERN-EP-2019-182",
    doi = "10.1016/j.physletb.2020.135262",
    journal = "Phys. Lett. B",
    volume = "802",
    pages = "135262",
    year = "2020"
}
@article{Aad:2019sfe,
    author = "Aad, Georges and others",
    collaboration = "ATLAS",
    title = "{Measurement of $W^\pm $ boson production in Pb+Pb collisions at $\sqrt{s_{\mathrm{NN}}} = 5.02~\text {Te}\text {V}$ with the ATLAS detector}",
    eprint = "1907.10414",
    archivePrefix = "arXiv",
    primaryClass = "nucl-ex",
    reportNumber = "CERN-EP-2019-123",
    doi = "10.1140/epjc/s10052-019-7439-3",
    journal = "Eur. Phys. J. C",
    volume = "79",
    number = "11",
    pages = "935",
    year = "2019"
}

@article{Kovarik:2015cma,
    author = "Kovarik, K. and others",
    title = "{nCTEQ15 - Global analysis of nuclear parton distributions with uncertainties in the CTEQ framework}",
    eprint = "1509.00792",
    archivePrefix = "arXiv",
    primaryClass = "hep-ph",
    reportNumber = "LPSC-15-153, MS-TP-15-11, FERMILAB-PUB-15-375-ND-PPD-T",
    doi = "10.1103/PhysRevD.93.085037",
    journal = "Phys. Rev. D",
    volume = "93",
    number = "8",
    pages = "085037",
    year = "2016"
}
@article{Bethke:2012zza,
    author = "Bethke, Siegfried",
    editor = "Grindhammer, Guenter and Kniehl, Bernd A. and Kramer, Gustav and Ochs, Wolfgang",
    title = "{World Summary of alpha(s) (2011)}",
    doi = "10.1016/j.nuclphysbps.2012.03.010",
    journal = "Nucl. Phys. B Proc. Suppl.",
    volume = "222-224",
    pages = "94--100",
    year = "2012"
}
@article{Kusina:2015vfa,
    author = "Kusina, A. and others",
    title = "{nCTEQ15 - Global analysis of nuclear parton distributions with uncertainties}",
    eprint = "1509.01801",
    archivePrefix = "arXiv",
    primaryClass = "hep-ph",
    reportNumber = "LPSC-15-181, FERMILAB-CONF-15-558-ND-PPD",
    doi = "10.22323/1.247.0041",
    journal = "PoS",
    volume = "DIS2015",
    pages = "041",
    year = "2015"
}
@article{Arneodo:1992wf,
    author = "Arneodo, Michele",
    title = "{Nuclear effects in structure functions}",
    reportNumber = "CERN-PPE-92-113",
    doi = "10.1016/0370-1573(94)90048-5",
    journal = "Phys. Rept.",
    volume = "240",
    pages = "301--393",
    year = "1994"
}
@article{Liu:2012ax,
    author = "Liu, Fu-Ming and Liu, Sheng-Xu",
    title = "{Quark-gluon plasma formation time and direct photons from heavy ion collisions}",
    eprint = "1212.6587",
    archivePrefix = "arXiv",
    primaryClass = "nucl-th",
    doi = "10.1103/PhysRevC.89.034906",
    journal = "Phys. Rev. C",
    volume = "89",
    number = "3",
    pages = "034906",
    year = "2014"
}
@article{Khachatryan:2016odn,
    author = "Khachatryan, Vardan and others",
    collaboration = "CMS",
    title = "{Charged-particle nuclear modification factors in PbPb and pPb collisions at $ \sqrt{s_{\mathrm{N}\;\mathrm{N}}}=5.02 $ TeV}",
    eprint = "1611.01664",
    archivePrefix = "arXiv",
    primaryClass = "nucl-ex",
    reportNumber = "CMS-HIN-15-015, CERN-EP-2016-242",
    doi = "10.1007/JHEP04(2017)039",
    journal = "JHEP",
    volume = "04",
    pages = "039",
    year = "2017"
}
@article{Sirunyan:2017qhf,
    author = "Sirunyan, Albert M and others",
    collaboration = "CMS",
    title = "{Study of jet quenching with isolated-photon+jet correlations in PbPb and pp collisions at $\sqrt{s_{_{\mathrm{NN}}}} =$ 5.02 TeV}",
    eprint = "1711.09738",
    archivePrefix = "arXiv",
    primaryClass = "nucl-ex",
    reportNumber = "CMS-HIN-16-002, CERN-EP-2017-285",
    doi = "10.1016/j.physletb.2018.07.061",
    journal = "Phys. Lett. B",
    volume = "785",
    pages = "14--39",
    year = "2018"
}
@article{Jeon:2009yv,
    author = "Jeon, Sangyong",
    editor = "Stankus, Paul and Silvermyr, David and Sorensen, Soren and Greene, Victoria",
    title = "{Jet Quenching in Evolving QGP Medium}",
    eprint = "0907.4691",
    archivePrefix = "arXiv",
    primaryClass = "nucl-th",
    doi = "10.1016/j.nuclphysa.2009.10.012",
    journal = "Nucl. Phys. A",
    volume = "830",
    pages = "107C--114C",
    year = "2009"
}